<collection xmlns="http://www.loc.gov/MARC21/slim">
<record>
  <leader>01212nam0a2200277 i 450 </leader>
  <controlfield tag="001">IT\ICCU\CNCE\004088</controlfield>
  <controlfield tag="005">19981209000000.0</controlfield>
  <datafield tag="012" ind1=" " ind2=" ">
    <subfield code="a">r.++ met: enmy dequ (3) 1582 (R)</subfield>
    <subfield code="2">fei</subfield>
  </datafield>
  <datafield tag="100" ind1=" " ind2=" ">
    <subfield code="a">19970101d1582        0itac0103    ba</subfield>
  </datafield>
  <datafield tag="101" ind1=" " ind2=" ">
    <subfield code="a">FRE</subfield>
  </datafield>
  <datafield tag="102" ind1=" " ind2=" ">
    <subfield code="a">IT</subfield>
  </datafield>
  <datafield tag="200" ind1="1" ind2=" ">
    <subfield code="a">XVIII histoires tragiques ... mises en langue franȯise. Les six premir̈es, par Pierre Boisteau, surnomm ̌Launay. Les douze suiuans, par Franc. de Belle Forest</subfield>
  </datafield>
  <datafield tag="210" ind1=" " ind2=" ">
    <subfield code="a">A Turin</subfield>
    <subfield code="c">par Cšar Farine</subfield>
    <subfield code="d">1582</subfield>
  </datafield>
  <datafield tag="215" ind1=" " ind2=" ">
    <subfield code="a">\2!, 436, \3! c.</subfield>
    <subfield code="d">16ʻ</subfield>
  </datafield>
  <datafield tag="620" ind1=" " ind2=" ">
    <subfield code="a">IT</subfield>
    <subfield code="d">Torino</subfield>
  </datafield>
  <datafield tag="700" ind1=" " ind2="1">
    <subfield code="a">Bandello,</subfield>
    <subfield code="b">Matteo</subfield>
    <subfield code="3">IT\ICCU\CNCA\001164</subfield>
  </datafield>
  <datafield tag="702" ind1=" " ind2="1">
    <subfield code="a">Belleforest,</subfield>
    <subfield code="b">Franȯis : de</subfield>
    <subfield code="3">IT\ICCU\CNCA\001020</subfield>
  </datafield>
  <datafield tag="702" ind1=" " ind2="1">
    <subfield code="a">Boaistuau,</subfield>
    <subfield code="b">Pierre</subfield>
    <subfield code="3">IT\ICCU\CNCA\001021</subfield>
  </datafield>
  <datafield tag="712" ind1="0" ind2="0">
    <subfield code="a">Farina, Cesare</subfield>
    <subfield code="3">IT\ICCU\CNCT\000894</subfield>
    <subfield code="4">650</subfield>
  </datafield>
  <datafield tag="790" ind1=" " ind2="1">
    <subfield code="a">Bandellus,</subfield>
    <subfield code="b">Matthaeus</subfield>
    <subfield code="3">IT\ICCU\CNCA\027169</subfield>
    <subfield code="z">Bandello, Matteo</subfield>
  </datafield>
  <datafield tag="790" ind1=" " ind2="1">
    <subfield code="a">Boisteau,</subfield>
    <subfield code="b">Pierre</subfield>
    <subfield code="3">IT\ICCU\CNCA\012718</subfield>
    <subfield code="z">Boaistuau, Pierre</subfield>
  </datafield>
  <datafield tag="790" ind1=" " ind2="1">
    <subfield code="a">Launay,</subfield>
    <subfield code="b">Pierre de</subfield>
    <subfield code="3">IT\ICCU\CNCA\014472</subfield>
    <subfield code="z">Boaistuau, Pierre</subfield>
  </datafield>
  <datafield tag="791" ind1="0" ind2="0">
    <subfield code="a">Farine, Cšar</subfield>
    <subfield code="3">IT\ICCU\CNCT\003791</subfield>
    <subfield code="z">Farina, Cesare</subfield>
  </datafield>
  <datafield tag="801" ind1=" " ind2="3">
    <subfield code="a">IT</subfield>
    <subfield code="b">ICCU</subfield>
    <subfield code="c">20201113</subfield>
  </datafield>
  <datafield tag="899" ind1=" " ind2=" ">
    <subfield code="a">Biblioteca comunale. Como</subfield>
    <subfield code="1">CO0059</subfield>
    <subfield code="2">ZCO 01</subfield>
  </datafield>
  <datafield tag="899" ind1=" " ind2=" ">
    <subfield code="a">Biblioteca nazionale Marciana. Venezia</subfield>
    <subfield code="1">VE0049</subfield>
    <subfield code="2">VEA BM</subfield>
  </datafield>
</record>
</collection>
